<?xml version="1.0" encoding="UTF-8"?><record xmlns="http://www.loc.gov/MARC21/slim" xmlns:cinclude="http://apache.org/cocoon/include/1.0" xmlns:zs="http://www.loc.gov/zing/srw/">
  <leader>00427cz  a2200121n  4500</leader>
  <controlfield tag="001">n  88032170 </controlfield>
  <controlfield tag="003">DLC</controlfield>
  <controlfield tag="005">19890321074503.2</controlfield>
  <controlfield tag="008">890109n| acannaab|          |n aaa |||  </controlfield>
  <datafield tag="010" ind1=" " ind2=" ">
    <subfield code="a">n  88032170 </subfield>
  </datafield>
  <datafield tag="040" ind1=" " ind2=" ">
    <subfield code="a">DLC</subfield>
    <subfield code="c">DLC</subfield>
  </datafield>
  <datafield tag="100" ind1="1" ind2="0">
    <subfield code="a">Sander, Gabriele,</subfield>
    <subfield code="d">1955-</subfield>
  </datafield>
  <datafield tag="670" ind1=" " ind2=" ">
    <subfield code="a">Her "An die Grenzen des Wirklichen und MoĚglichen--", c1988:</subfield>
    <subfield code="b">t.p. (Gabriele Sander) cover p. 4 (b. 1955; Dr. phil.; presently employed at the Stadtmuseum MuĚnster)</subfield>
  </datafield>
</record>